@book{analisis,
		author    = "McKinney, Wes",
		title     = "Python for data Analysis",
		publisher = "O`REILLY",
		year      = "2017"
}

@misc{ autoaprendizaje,
       author = "autoaprendizaje7",
       title = "Qué es y como calcular la tasa matbólica basal",
       year = "2010",
       url = "https://autoaprendizaje7.wordpress.com/2010/12/24/el-aprendizaje-autonomo-es-mas-efectivo-cuando-reconoces-que-es-lo-importante-para-ti/",
       note = "[Internet; descargado 16-junio-2019]
       \url{https://autoaprendizaje7.wordpress.com/2010/12/24/el-aprendizaje-autonomo-es-mas-efectivo-cuando-reconoces-que-es-lo-importante-para-ti/}"
       
}
@article{dashStudies,
		author = "American Heart Association, American College of Cardiology, American Cancer Society",
       title = "The Dash Studies",
       year = "1997",
       url = "https://www.nejm.org/doi/full/10.1056/NEJM199704173361601,"
}
@article{DPP,
		author = "The Diabetes Prevention Program",
       title = "Diabetes Prevention Program",
       year = "2002",
       url = "https://www.niddk.nih.gov/about-niddk/research-areas/diabetes/diabetes-prevention-program-dpp,"
}
@article{autoAprendizajeForma,
		author = "Carlos Camiña Catala, Angel Cuenca Lacruz, Enrique Ballester Sarrias. Angel Montes ",
       title = "Autoaprendizaje y Formación en Cualidades mediantelas Herramientas Multimedia",
       year = "2015",
       url = "http://personales.upv.es/~ancuelac/Publicaciones_Docencia/Autoaprendizaje%20y%20Cualidades.pdf,"
}

@misc{ TMB,
       author = "health Keeper",
       title = "Qué es y como calcular la tasa matbólica basal",
       year = "2016",
       url = "https://www.axahealthkeeper.com/blog/que-es-y-como-calcular-la-tasa-metabolica-basal/",
       note = "[Internet; descargado 23-junio-2019]
       \url{https://www.axahealthkeeper.com/blog/que-es-y-como-calcular-la-tasa-metabolica-basal/}"
       
}
@misc{ sevenCountries,
       author = " Daan Kromhout",
       title = "Qué es y como calcular la tasa matbólica basal",
       year = "2012",
       url = "https://www.sevencountriesstudy.com/",
       note = "[Internet; descargado 25-junio-2019]
       \url{https://www.sevencountriesstudy.com/}"
       
}
@misc{ 81abandona,
       author = "Periodico El Mundo",
       title = "El 81% de los españoles fracasa al hacer una dieta",
       year = "2014",
       url = "https://www.elmundo.es/salud/2014/02/12/52fb7d5022601d7f228b4570.html",
       note = "[Internet; consultado 25-junio-2019]
       \url{https://www.elmundo.es/salud/2014/02/12/52fb7d5022601d7f228b4570.html}"
       
}
@misc{ thelancet,
       author = "The Lancet",
       title = "Measuring progress from 1990 to 2017 and projecting attainment to 2030 of the health-related Sustainable Development Goals for 195 countries and territories: a systematic analysis for the Global Burden of Disease Study 2017",
       year = "2018",
       url = "https://www.thelancet.com/journals/lancet/article/PIIS0140-6736(18)32281-5/fulltext",
       note = "[Internet; consultado 25-junio-2019]
       \url{https://www.thelancet.com/journals/lancet/article/PIIS0140-6736(18)32281-5/fulltext}"
       
}
@misc{ TMBadiccional,
       author = "Dr. Pedro Pinheiro",
       title = "OBESIDAD
Calorías para adelgazar 1 kg por semana",
       year = "2019",
       url = "https://www.mdsaude.com/es/obesidad/calorias-para-adelgazar",
       note = "[Internet; descargado 25-junio-2019]
       \url{https://www.mdsaude.com/es/obesidad/calorias-para-adelgazar}"
       
}
@misc{ multimedia,
       author = "José Luis Ulizarna García",
       title = "Tecnologías multimedia en el ámbito educativo",
       year = "2017",
       url = "https://recyt.fecyt.es/index.php/pixel/article/viewFile/61110/37124",
       note = "[Internet; descargado 10-junio-2019]
       \url{https://recyt.fecyt.es/index.php/pixel/article/viewFile/61110/37124}"
       
}
@misc{ prevencion,
       author = "Josefina del prado",
       title = "Prevención Primaria, Secundaria y Terciaria",
       year = "2013",
       url = "https://blogs.imf-formacion.com/blog/prevencion-riesgos-laborales/actualidad-laboral/prevencion-primaria-secundaria-y-terciaria/",
       note = "[Internet; descargado 10-junio-2019]
       \url{https://blogs.imf-formacion.com/blog/prevencion-riesgos-laborales/actualidad-laboral/prevencion-primaria-secundaria-y-terciaria/}"
       
}
@article{LeyProteccionDatos,
		author = "Grupo Adaptalia",
       title = "Ley de Protección de datos médicos",
       year = "2019",
       url = "https://www.grupoadaptalia.es/blog/articulos-explicativos-legales/ley-de-proteccion-de-datos-medicos/,"
}
@article{ensenanza,
       author = "Beatriz",
       title = "El uso de las apps en educación",
       year = "2014",
       url = "http://blog.infoempleo.com/a/el-uso-de-las-apps-en-educacion/"
}
@misc{ prevCancer,
       author = "Consuelo Boticario",
       title = "¿Una alimentación sana puede prevenir el cáncer?e",
       year = "2005",
       url = "http://www.analesranf.com/index.php/aranf/article/view/206",
       note = "[Internet; descargado 15 de Junio de 2019]
       \url{http://www.analesranf.com/index.php/aranf/article/view/206}"
}
@misc{ aprenderAAprender,
       author = "competenciasbasicascordoba",
       title = "Competencia y actitudes para seguir aprendiendo de forma autónoma a lo largo de la vida",
       year = "2018",
       url = "https://competenciasbasicascordoba.webnode.es/aprender-a-aprender/",
       note = "[Internet; consultado 15 de Junio de 2019]
       \url{https://competenciasbasicascordoba.webnode.es/aprender-a-aprender/}"
}