@misc{ herramientoUML,
       author = "Draw.io",
       title = "Drawio",
       year = "2019",
       url = "https://www.draw.io",
       note = "[Internet; usado 20-junio-2019]
       \url{https://www.draw.io}"
       
}
@misc{ matriz,
aurhor = "Wikipedia",
title = "Matriz de Mckinsey",
year = "2019",
url = "https://es.wikipedia.org/wiki/Matriz_de_Mckinsey",
       note = "[Internet; consultado 25-junio-2019]
       \url{https://es.wikipedia.org/wiki/Matriz_de_Mckinsey}"
}
@misc{ scrum,
aurhor = "Joel Francia",
title = "¿Qué es Scrum?",
year = "2018",
url = "https://www.scrum.org/resources/blog/que-es-scrum",
       note = "[Internet; consultado 29-junio-2019]
       \url{https://www.scrum.org/resources/blog/que-es-scrum}"
}
@misc{ pack,
aurhor = "effbot",
title = "The Tkinter Pack Geometry Manager",
year = "2018",
url = "http://www.effbot.org/tkinterbook/pack.htm",
       note = "[Internet; consultado 29-junio-2019]
       \url{http://www.effbot.org/tkinterbook/pack.htm}"
}
@misc{ estandarNutri,
aurhor = "labelfood",
title = "VALORES NUTRICIONALES – REGLAMENTO (UE) Nº 1169/2011",
year = "2016",
url = "https://www.labelfood.es/normativas-de-valores-nutricionales/",
       note = "[Internet; consultado 29-junio-2019]
       \url{https://www.labelfood.es/normativas-de-valores-nutricionales/}"
}
@misc{ licencias,
aurhor = "Python Doc.",
title = "Choosing a License",
year = "2019",
url = "https://docs.python-guide.org/writing/license/",
       note = "[Internet; consultado 28-junio-2019]
       \url{https://docs.python-guide.org/writing/license/}"
}
@misc{ mit,
aurhor = "wikis.fdi.ucm",
title = "Licencia MIT",
year = "2019",
url = "https://wikis.fdi.ucm.es/ELP/Licencia_MIT",
       note = "[Internet; consultado 28-junio-2019]
       \url{https://wikis.fdi.ucm.es/ELP/Licencia_MIT}"
}
@misc{ DAFO,
aurhor = "Wikipedia",
title = "Análisis DAFO",
year = "2019",
url = "https://es.wikipedia.org/wiki/An%C3%A1lisis_DAFO",
       note = "[Internet; consultado 25-junio-2019]
       \url{https://es.wikipedia.org/wiki/An%C3%A1lisis_DAFO}"
}
@misc{ ssocial,
aurhor = "Seguridad Social",
title = "Bases y tipos de cotización 2019",
year = "2019",
url = "http://www.seg-social.es/wps/portal/wss/internet/Trabajadores/CotizacionRecaudacionTrabajadores/36537",
       note = "[Internet; consultado 25-junio-2019]
       \url{http://www.seg-social.es/wps/portal/wss/internet/Trabajadores/CotizacionRecaudacionTrabajadores/36537}"
}
@misc{ vidautil,
aurhor = "Antoni Rovira",
title = "Gestión del ciclo de vida para sistemas de control",
year = "2016",
url = "https://www.rockwellautomation.com/es_AR/news/blog/detail.page?pagetitle=Vida-%C3%BAtil-del-sistema-de-control-%7C-Blog&content_type=blog&docid=30cf16357e57e35dfa880691ddd873c6",
       note = "[Internet; consultado 25-junio-2019]
       \url{https://www.rockwellautomation.com/es_AR/news/blog/detail.page?pagetitle=Vida-%C3%BAtil-del-sistema-de-control-%7C-Blog&content_type=blog&docid=30cf16357e57e35dfa880691ddd873c6}"
}
       